02RETORNO01COBRANCA       33251000289353000000INSTITUTO MATO-GROSSENSE DO AL001BANCO DO BRASIL2001090000007                      000000009703754590  1622420                                                                                                                                                                                                                                              000001
70000000000000000332510002893531622420                         1622420000000000310000001   01900000000000 1806200109                              000000000000000906400114923002201090000500000000000000000000000000000000000000000000000000000000000000000000000000009064000000000000000000000000000000000000000000000000856420000000000000          0000000000000000000000000000000000000000000000000004000002
70000000000000000332510002893531622420                         1622420000000003010000001   01900000000000 1806200109                              000000000000002235239909430002201090000500000000000000000000000000000000000000000000000000000000000000000000000000022352000000000000000000000000000000000000000000000002185220000000000000          0000000000000000000000000000000000000000000000000010000003
70000000000000000332510002893531622420                         1622420000000003110000001   01900000000000 1806200109                              00000000000000165330012970X002201090000500000000000000000000000000000000000000000000000000000000000000000000000000016533000000000000000000000000000000000000000000000001603320000000000000          0000000000000000000000000000000000000000000000000002000004
70000000000000000332510002893531622420                         1622420000000003210000001   01900000000000 1806200109                              00000000000000157740012970X002201090000500000000000000000000000000000000000000000000000000000000000000000000000000015774000000000000000000000000000000000000000000000001527420000000000000          0000000000000000000000000000000000000000000000000002000005
70000000000000000332510002893531622420                         1622420000000003310000001   01900000000000 1806200109                              00000000000000414440012970X002201090000500000000000000000000000000000000000000000000000000000000000000000000000000041444000000000000000000000000000000000000000000000004094420000000000000          0000000000000000000000000000000000000000000000000002000006
70000000000000000332510002893531622420                         1622420000000003410000001   01900000000000 1806200109                              00000000000000610280012970X002201090000500000000000000000000000000000000000000000000000000000000000000000000000000061028000000000000000000000000000000000000000000000006052820000000000000          0000000000000000000000000000000000000000000000000002000007
70000000000000000332510002893531622420                         1622420000000003510000001   01900000000000 1806200109                              00000000000000608040012970X002201090000500000000000000000000000000000000000000000000000000000000000000000000000000060804000000000000000000000000000000000000000000000006030420000000000000          0000000000000000000000000000000000000000000000000002000008
70000000000000000332510002893531622420                         1622420000000003610000001   01900000000000 1806200109                              000000000000005610074808110002201090000500000000000000000000000000000000000000000000000000000000000000000000000000056100000000000000000000000000000000000000000000000005560020000000000000          0000000000000000000000000000000000000000000000000010000009
70000000000000000332510002893531622420                         1622420000000003710000001   01900000000000 1806200109                              000000000000000565474808110002201090000500000000000000000000000000000000000000000000000000000000000000000000000000005654000000000000000000000000000000000000000000000000515420000000000000          0000000000000000000000000000000000000000000000000010000010
70000000000000000332510002893531622420                         1622420000000003810000001   01900000000000 1806200109                              000000000000005610074808110002201090000500000000000000000000000000000000000000000000000000000000000000000000000000056100000000000000000000000000000000000000000000000005560020000000000000          0000000000000000000000000000000000000000000000000010000011
70000000000000000332510002893531622420                         1622420000000003910000001   01900000000000 1806200109                              000000000000000528074808110002201090000500000000000000000000000000000000000000000000000000000000000000000000000000005280000000000000000000000000000000000000000000000000478020000000000000          0000000000000000000000000000000000000000000000000010000012
70000000000000000332510002893531622420                         1622420000000004010000001   01900000000000 1806200109                              000000000000005610074808110002201090000500000000000000000000000000000000000000000000000000000000000000000000000000056100000000000000000000000000000000000000000000000005560020000000000000          0000000000000000000000000000000000000000000000000010000013
70000000000000000332510002893531622420                         1622420000000004110000001   01900000000000 1806200109                              000000000000000528074808110002201090000500000000000000000000000000000000000000000000000000000000000000000000000000005280000000000000000000000000000000000000000000000000478020000000000000          0000000000000000000000000000000000000000000000000010000014
70000000000000000332510002893531622420                         1622420000000004210000001   01900000000000 1806200109                              000000000000005610000136439002201090000500000000000000000000000000000000000000000000000000000000000000000000000000056100000000000000000000000000000000000000000000000005560020000000000000          0000000000000000000000000000000000000000000000000004000015
70000000000000000332510002893531622420                         1622420000000004310000001   01900000000000 1806200109                              000000000000001672000136439002201090000500000000000000000000000000000000000000000000000000000000000000000000000000016720000000000000000000000000000000000000000000000001622020000000000000          0000000000000000000000000000000000000000000000000004000016
70000000000000000332510002893531622420                         1622420000000004410000001   01900000000000 1806200109                              000000000000000535300136439002201090000500000000000000000000000000000000000000000000000000000000000000000000000000005353000000000000000000000000000000000000000000000000485320000000000000          0000000000000000000000000000000000000000000000000004000017
70000000000000000332510002893531622420                         1622420000000004510000001   01900000000000 1806200109                              000000000000005210700130376002201090000500000000000000000000000000000000000000000000000000000000000000000000000000052107000000000000000000000000000000000000000000000005160720000000000000          0000000000000000000000000000000000000000000000000008000018
70000000000000000332510002893531622420                         1622420000000004610000001   01900000000000 1806200109                              000000000000006043600114923002201090000500000000000000000000000000000000000000000000000000000000000000000000000000060436000000000000000000000000000000000000000000000005993620000000000000          0000000000000000000000000000000000000000000000000002000019
70000000000000000332510002893531622420                         1622420000000004710000001   01900000000000 1806200109                              000000000000005610000136439002201090000500000000000000000000000000000000000000000000000000000000000000000000000000056100000000000000000000000000000000000000000000000005560020000000000000          0000000000000000000000000000000000000000000000000004000020
70000000000000000332510002893531622420                         1622420000000004810000001   01900000000000 1806200109                              000000000000000495000136439002201090000500000000000000000000000000000000000000000000000000000000000000000000000000004950000000000000000000000000000000000000000000000000445020000000000000          0000000000000000000000000000000000000000000000000004000021
70000000000000000332510002893531622420                         1622420000000005010000001   01900000000000 1806200109                              000000000000005707000114923002201090000500000000000000000000000000000000000000000000000000000000000000000000000000057070000000000000000000000000000000000000000000000005657020000000000000          0000000000000000000000000000000000000000000000000002000022
70000000000000000332510002893531622420                         1622420000000005110000001   01900000000000 1806200109                              000000000000005638600106599002201090000500000000000000000000000000000000000000000000000000000000000000000000000000056386000000000000000000000000000000000000000000000005588620000000000000          0000000000000000000000000000000000000000000000000002000023
70000000000000000332510002893531622420                         1622420000000005210000001   01900000000000 1806200109                              000000000000005610000106599002201090000500000000000000000000000000000000000000000000000000000000000000000000000000056100000000000000000000000000000000000000000000000005560020000000000000          0000000000000000000000000000000000000000000000000002000024
70000000000000000332510002893531622420                         1622420000000005310000001   01900000000000 1806200109                              000000000000005856400106599002201090000500000000000000000000000000000000000000000000000000000000000000000000000000058564000000000000000000000000000000000000000000000005806420000000000000          0000000000000000000000000000000000000000000000000002000025
70000000000000000332510002893531622420                         1622420000000005410000001   01900000000000 1806200109                              000000000000005704600106599002201090000500000000000000000000000000000000000000000000000000000000000000000000000000057046000000000000000000000000000000000000000000000005654620000000000000          0000000000000000000000000000000000000000000000000002000026
70000000000000000332510002893531622420                         1622420000000005510000001   01900000000000 1806200109                              000000000000005673800106599002201090000500000000000000000000000000000000000000000000000000000000000000000000000000056738000000000000000000000000000000000000000000000005623820000000000000          0000000000000000000000000000000000000000000000000002000027
9201001          000000000000000000000000000000          000000000000000000000000000000          000000000000000000000000000000          000000000000000000000000000000                                                  000000000000000000000000000000                                                                                                                                                   000028
