02RETORNO01COBRANCA       42056000156620925442CENTRAL DAS COOPERATIVAS DE CR001BANCO DO BRASIL0708131314759                                                                                                                                                                                                                                                                                               000001
100000000000000004205600015662092544221      3408928100000011600000116                                     506150515          00000000000010000001130515000000004440009042050010000000000160000000000000000000000000000000000000000000000000000000000000000000000000044400000000000000000000000000000001505150000000000000008920000000000000          0000000000000000000000000000000000000000000000000000000002
9201001          000000000000000000000000000000          000000000000000000000000000000          000000000000000000000000000000          000000000000000000000000000000                                                  000000000000000000000000000000                                                                                                                                                   000016
