02RETORNO01COBRANCA       00000000000279998886CONDOMINIO TESTE              070BRB            26072012                                                                                                                                                                                                                                                                                     26072012       000001
10000000000000000   00000000279998886                                 1078519070150279998886               00526072012          107851907015        2607201200000000264920700902300000000000000000000000000000000000000000000000000000000000000000000000000000000000000002649200000000029440000000000000  02607201200000000000000000000000000000000000000000000000000000                                  000002
9201070                                                  00000000000000000            00028000000552759                                                                                                                                                                                                                                                                                                   000030
