02RETORNO01COBRANCA       00000000000004540691NOME DA EMPRESA               237BRADESCO       1505150160000000405                                                                                                                                                                                                                                                                          150515         000001
102120958700001700000009014670019669P                         0000000000000000030300000000000000000000000009021505150030      00000000000000000030250515000000014500023704157  000000000016000000000000000000000000000000000000000000000000000000000000000000000000014500000000000000000000000000000   150515                 0000000000                                                                  000002
102120958700001700000009014670019669P                         0000000051350000004P00000000000000000000000009021505151146      0000000051350000004P250515000000001800023704157  000000000016000000000000000000000000000000000000000000000000000000000000000000000000000000000000000000000000000000000                          0000000000                                                                  000003
102120958700001700000009014670019669P                         0000000051350000007400000000000000000000000009021505151142      00000000513500000074250515000000007200023704157  000000000016000000000000000000000000000000000000000000000000000000000000000000000000000000000000000000000000000000000                          0000000000                                                                  000004
102120958700001700000009014670019669P                         0000000051350000009000000000000000000000000009021505151145      00000000513500000090120615000000002000023704157  000000000016000000000000000000000000000000000000000000000000000000000000000000000000000000000000000000000000000000000                          0000000000                                                                  000005
102120958700001700000009014670019669P                         0000000051350000011200000000000000000000000009021505151144      00000000513500000112250515000000001800023704157  000000000016000000000000000000000000000000000000000000000000000000000000000000000000000000000000000000000000000000000                          0000000000                                                                  000006
102120958700001700000009014670019669P                         0000000050980000002800000000000000000000000009101505151053      00000000509800000028060515000000002000023700000  000000000000000000000000000000000000000000000000000000000000000000000000000000000000000000000000000000000000000000000                          0000000000                                                                  000007
9201237          000000180000000086450000000405          00005000000202000000000000000000000000000000000000100000002000000000000000000000000000000000000000000000000000000000000000000000000                                                                                                                                                                              00000000000000000000000         000008
