02RETORNO01COBRANCA       42056000156620925442CENTRAL DAS COOPERATIVAS DE CR001BANCO DO BRASIL0708131314759                                                                                                                                                                                                                                                                                               000001
10200000000000000420500600015660000000000000000000000000000116           01          0190000000000000000001806150515                              130515000000004440009042050  1805150000160                                       0000000000000000000000000000000000444000000000000000                          00000000438400000000001                                                                  000002
9201001          000000000000000000000000000000          000000000000000000000000000000          000000000000000000000000000000          000000000000000000000000000000                                                  000000000000000000000000000000                                                                                                                                                   000016
