02RETORNO01COBRANCA       073000035110        PLUTO ALTO ELENTAS LTDA ME    033BANCO SANTANDER20051301600BPI00025210513                                                                                                                                                                                                                                                                                   000001
10216733872000107073000035110                                 00000011            109000000114             I06200513          00000011            000000000000000400003318739  000000000021000000000000000000000000000000000000000000000000000000000000000000000000000379000000000000000000000000000   21051300000000000000000000000                                                                    B5000002
10216733872000107073000035110                                 00000035            109000000353             I06200513          00000035            000000000000000400003315552  000000000021000000000000000000000000000000000000000000000000000000000000000000000000000379000000000000000000000000000   21051300000000000000000000000                                                                    B5000003
10216733872000107073000035110                                 00000052            109000000528             I06200513          00000052            000000000000000400003315552  000000000021000000000000000000000000000000000000000000000000000000000000000000000000000379000000000000000000000000000   21051300000000000000000000000                                                                    B5000004
10216733872000107073000035110                                 00000107            109000001070             I06200513          00000107            000000000000000400003315552  000000000021000000000000000000000000000000000000000000000000000000000000000000000000000379000000000000000000000000000   21051300000000000000000000000                                                                    B5000005
10216733872000107073000035110                                 00000139            109000001393             I06200513          00000139            000000000000000400003315552  000000000021000000000000000000000000000000000000000000000000000000000000000000000000000379000000000000000000000000000   21051300000000000000000000000                                                                    B5000006
10216733872000107073000035110                                 00000195            109000001955             I06200513          00000195            000000000000000400003315552  000000000021000000000000000000000000000000000000000000000000000000000000000000000000000379000000000000000000000000000   21051300000000000000000000000                                                                    B5000007
10216733872000107073000035110                                 00000267            109000002672             I06200513          00000267            000000000000000400003315552  000000000021000000000000000000000000000000000000000000000000000000000000000000000000000379000000000000000000000000000   21051300000000000000000000000                                                                    B5000008
10216733872000107073000035110                                 00000331            109000003316             I06200513          00000331            000000000000000400003304085  000000000021000000000000000000000000000000000000000000000000000000000000000000000000000379000000000000000000000000000   21051300000000000000000000000                                                                    B5000009
10216733872000107073000035110                                 00000541            109000005410             I06200513          00000541            000000000000001050003317848  000000000021000000000000000000000000000000000000000000000000000000000000000000000000001029000000000000000000000000000   21051300000000000000000000000                                                                    B5000010
10216733872000107073000035110                                 00000890            109000008901             I06200513          00000890            000000000000000400003318754  000000000021000000000000000000000000000000000000000000000000000000000000000000000000000379000000000000000000000000000   21051300000000000000000000000                                                                    B5000011
10216733872000107073000035110                                 00000956            109000009560             I06200513          00000956            000000000000000750003317848  000000000021000000000000000000000000000000000000000000000000000000000000000000000000000729000000000000000000000000000   21051300000000000000000000000                                                                    B5000012
10216733872000107073000035110                                 00000975            109000009750             I06200513          00000975            000000000000000750003317848  000000000021000000000000000000000000000000000000000000000000000000000000000000000000000729000000000000000000000000000   21051300000000000000000000000                                                                    B2000013
10216733872000107073000035110                                 00001036            109000010360             I06200513          00001036            000000000000000210034178584  000000000021000000000000000000000000000000000000000000000000000000000000000000000000000189000000000000000000000000000   21051300000000000000000000000                                                                    CP000014
10216733872000107073000035110                                 00001052            109000010527             I06200513          00001052            000000000000000840003317848  000000000021000000000000000000000000000000000000000000000000000000000000000000000000000819000000000000000000000000000   21051300000000000000000000000                                                                    B5000015
10216733872000107073000035110                                 00001109            109000011095             I06200513          00001109            000000000000000460003336921  000000000021000000000000000000000000000000000000000000000000000000000000000000000000000439000000000000000000000000000   21051300000000000000000000000                                                                    B5000016
10216733872000107073000035110                                 00001123            109000011236             I06200513          00001123            000000000000000400003318754  000000000021000000000000000000000000000000000000000000000000000000000000000000000000000379000000000000000000000000000   21051300000000000000000000000                                                                    B5000017
10216733872000107073000035110                                 00001206            109000012069             I06200513          00001206            000000000000000400003318754  000000000021000000000000000000000000000000000000000000000000000000000000000000000000000379000000000000000000000000000   21051300000000000000000000000                                                                    B5000018
10216733872000107073000035110                                 00001324            109000013240             I06200513          00001324            000000000000000400003315552  000000000021000000000000000000000000000000000000000000000000000000000000000000000000000379000000000000000000000000000   21051300000000000000000000000                                                                    B5000019
10216733872000107073000035110                                 00001351            109000013513             I06200513          00001351            000000000000000400023729371  000000000021000000000000000000000000000000000000000000000000000000000000000000000000000379000000000000000000000000000   21051300000000000000000000000                                                                    B2000020
10216733872000107073000035110                                 00001372            109000013729             I06200513          00001372            000000000000000400003315552  000000000021000000000000000000000000000000000000000000000000000000000000000000000000000379000000000000000000000000000   21051300000000000000000000000                                                                    B5000021
10216733872000107073000035110                                 00001373            109000013737             I06200513          00001373            000000000000000400003315552  000000000021000000000000000000000000000000000000000000000000000000000000000000000000000379000000000000000000000000000   21051300000000000000000000000                                                                    B5000022
10216733872000107073000035110                                 00001380            109000013802             I06200513          00001380            000000000000000400003315552  000000000021000000000000000000000000000000000000000000000000000000000000000000000000000379000000000000000000000000000   21051300000000000000000000000                                                                    B5000023
10216733872000107073000035110                                 00001458            109000014586             I06200513          00001458            000000000000000400000152480  000000000021000000000000000000000000000000000000000000000000000000000000000000000000000379000000000000000000000000000   21051300000000000000000000000                                                                    B5000024
10216733872000107073000035110                                 00001498            109000014982             I06200513          00001498            000000000000000400034102899  000000000021000000000000000000000000000000000000000000000000000000000000000000000000000379000000000000000000000000000   21051300000000000000000000000                                                                    AA000025
10216733872000107073000035110                                 00001698            109000016987             I06200513          00001698            000000000000000191010415552  000000000021000000000000000000000000000000000000000000000000000000000000000000000000000170000000000000000000000000000   21051300000000000000000000000                                                                    B5000026
10216733872000107073000035110                                 00002129            109000021292             I06200513          00002129            000000000000000400003315552  000000000021000000000000000000000000000000000000000000000000000000000000000000000000000379000000000000000000000000000   21051300000000000000000000000                                                                    B5000027
10216733872000107073000035110                                 00002236            109000022365             I06200513          00002236            000000000000000400003315552  000000000021000000000000000000000000000000000000000000000000000000000000000000000000000379000000000000000000000000000   21051300000000000000000000000                                                                    B5000028
10216733872000107073000035110                                 00002260            109000022605             I06200513          00002260            000000000000000400003336921  000000000021000000000000000000000000000000000000000000000000000000000000000000000000000379000000000000000000000000000   21051300000000000000000000000                                                                    B2000029
10216733872000107073000035110                                 00002274            109000022746             I06200513          00002274            000000000000000400034186686  000000000021000000000000000000000000000000000000000000000000000000000000000000000000000379000000000000000000000000000   21051300000000000000000000000                                                                    CP000030
10216733872000107073000035110                                 00002286            109000022860             I06200513          00002286            000000000000000400003336921  000000000021000000000000000000000000000000000000000000000000000000000000000000000000000379000000000000000000000000000   21051300000000000000000000000                                                                    B5000031
10216733872000107073000035110                                 00002311            109000023116             I06200513          00002311            000000000000000400003318770  000000000021000000000000000000000000000000000000000000000000000000000000000000000000000379000000000000000000000000000   21051300000000000000000000000                                                                    B5000032
10216733872000107073000035110                                 00002586            109000025863             I06200513          00002586            000000000000000640003315552  000000000021000000000000000000000000000000000000000000000000000000000000000000000000000619000000000000000000000000000   21051300000000000000000000000                                                                    B5000033
10216733872000107073000035110                                 00002597            109000025970             I06200513          00002597            000000000000000440000126385  000000000021000000000000000000000000000000000000000000000000000000000000000000000000000419000000000000000000000000000   21051300000000000000000000000                                                                    B5000034
10216733872000107073000035110                                 00002601            109000026010             I06200513          00002601            000000000000000440003315552  000000000021000000000000000000000000000000000000000000000000000000000000000000000000000419000000000000000000000000000   21051300000000000000000000000                                                                    B5000035
10216733872000107073000035110                                 00002607            109000026077             I06200513          00002607            000000000000000440003315552  000000000021000000000000000000000000000000000000000000000000000000000000000000000000000419000000000000000000000000000   21051300000000000000000000000                                                                    B5000036
10216733872000107073000035110                                 00002617            109000026176             I06200513          00002617            000000000000000440000148322  000000000021000000000000000000000000000000000000000000000000000000000000000000000000000419000000000000000000000000000   21051300000000000000000000000                                                                    B1000037
10216733872000107073000035110                                 00002627            109000026275             I06200513          00002627            000000000000000440000148298  000000000021000000000000000000000000000000000000000000000000000000000000000000000000000419000000000000000000000000000   21051300000000000000000000000                                                                    B1000038
10216733872000107073000035110                                 00002668            109000026689             I06200513          00002668            000000000000000440023729371  000000000021000000000000000000000000000000000000000000000000000000000000000000000000000419000000000000000000000000000   21051300000000000000000000000                                                                    B3000039
10216733872000107073000035110                                 00002674            109000026747             I06200513          00002674            000000000000000440003304085  000000000021000000000000000000000000000000000000000000000000000000000000000000000000000419000000000000000000000000000   21051300000000000000000000000                                                                    B5000040
10216733872000107073000035110                                 00002721            109000027216             I06200513          00002721            000000000000000440003315552  000000000021000000000000000000000000000000000000000000000000000000000000000000000000000419000000000000000000000000000   21051300000000000000000000000                                                                    B5000041
10216733872000107073000035110                                 00003136            109000031366             I06200513          00003136            000000000000000487534148272  000000000021000000000000000000000000000000000000000000000000000000000000000000000000000476700000000001020000000000000   21051300000000000000000000000                                                                    CP000042
10216733872000107073000035110                                 00003238            109000032380             I06200513          00003238            000000000000003500000130478  000000000021000000000000000000000000000000000000000000000000000000000000000000000000003479000000000000000000000000000   21051300000000000000000000000                                                                    B2000043
10216733872000107073000035110                                 00003344            109000033446             I06200513          00003344            000000000000000440000148298  000000000021000000000000000000000000000000000000000000000000000000000000000000000000000419000000000000000000000000000   21051300000000000000000000000                                                                    B1000044
10216733872000107073000035110                                 00003391            109000033917             I06200513          00003391            000000000000000440034186132  000000000021000000000000000000000000000000000000000000000000000000000000000000000000000419000000000000000000000000000   21051300000000000000000000000                                                                    BL000045
10216733872000107073000035110                                 00003456            109000034568             I06200513          00003456            000000000000000571534102899  000000000021000000000000000000000000000000000000000000000000000000000000000000000000000562200000000001170000000000000   21051300000000000000000000000                                                                    CP000046
10216733872000107073000035110                                 00003505            109000035052             I06200513          00003505            000000000000000457100148322  000000000021000000000000000000000000000000000000000000000000000000000000000000000000000436100000000000000000000000000   21051300000000000000000000000                                                                    B1000047
10216733872000107073000035110                                 00003925            109000039252             I06200513          00003925            000000000000000571034165466  000000000021000000000000000000000000000000000000000000000000000000000000000000000000000561900000000001190000000000000   21051300000000000000000000000                                                                    CP000048
10216733872000107073000035110                                 00004012            109000040128             I06200513          00004012            000000000000000500003330783  000000000021000000000000000000000000000000000000000000000000000000000000000000000000000479000000000000000000000000000   21051300000000000000000000000                                                                    B5000049
10216733872000107073000035110                                 00004019            109000040193             I06200513          00004019            000000000000000571510415552  000000000021000000000000000000000000000000000000000000000000000000000000000000000000000550500000000000000000000000000   21051300000000000000000000000                                                                    B5000050
10216733872000107073000035110                                 00004026            109000040268             I06200513          00004026            000000000000000500039913003  000000000021000000000000000000000000000000000000000000000000000000000000000000000000000479000000000000000000000000000   21051300000000000000000000000                                                                    B3000051
10216733872000107073000035110                                 27615123            157276151236             I06200513000000108927615123            100513000000000440034165466  000000000021000000000000000000000000000000000000000000000000000000000000000000000000000428800000000000980000000000000   21051300000000000000000000000DIVA LOUZAMARA DO CASTO BLITTO                                      CP000052
10216733872000107073000035110                                 27714592            157277145922             I09200513000000206827714592            100513000000000400034177099  000000000021000000000000000000000000000000000000000000000000000000000000000000000000000021000000000000000000000000000         00000000000000000000000MIRCALO TIADORO                                                       000053
9201341          000000000000000000000000000000          000000000000000000000000000000                                                  000000000000000000000000000000          0000003200000000148705  21/05S000250000005200000000268896                                                                                                                                                                000054
