02RETORNO01COBRANCA       6901 000403113      RAFHAEL ALAN ALVES PEREIRA    097CENTRALCRED    1006130000001                                                                                                                                                                                                                                                                                               000001
102034939980001000002 000403113                               00005005001                                     00025559162709100000000004500       01101200000050050010040000   150515                        00000000010000100000528679945FERNANDO REIS FREIR0000000044400        RUA DOS CAJUEIROS 67                URUPA           78960000JI PARANA      RO CLIENTE ESPECIAL                       05 000002
9                                                                                                                                                                                                                                                                                                                                                                                                         000003
