74800000         24059955200010204346               0039000000000041468 EMPRESALTDA ME                SICREDI                                 20704201704095100000508101600                                                                     
74800011T01  040 201099955200010304346               0039000000000041468 NAIADE LTDA ME                                                                                                000000030704201700000000                                 
7480001300001T 0200390 0000000041468 172000595           10000000000     13042017000000000000995000      8457                     091000044952927838SURFISTAO MEDINA                        0000000000000000000000000A4                         
7480001300002U 0200000000000000000000000000000000000000000000000000000000000000000000000000000000000000000000000000000000000000000000000006042017                    000000000000000                              00000000000000000000000       
7480001300003T 2800390 0000000041468 172000595           10000000000     13042017000000000000995000      8457                     091000044952927838SURFISTAO MEDINA                        000000000000000000000038005                         
7480001300004U 280000000000000000000000000000000000000000000000000000000000000000000000000000000000000000000000000000000000000000000000000604201706042017            000000000000000                              00000000000000000000000       
74800015         00000600000200000000000001990000000000000000000000000000000000000000000000000000000000000000000000                                                                                                                             
74899999         000001000008000000                                                                                                                                                                                                             
