02RETORNO01COBRANCA       00000000000004540691NOME DA EMPRESA               041BANRISUL       1505150160000000405                                                                                                                                                                                                                                                                          150515         000001
102120958700001701102900015096                                2283256350                                   106150515          0000000000000000003025051500000001450000411102   000000000016000000000000000000000000000000000000000000000000000000000000000000000000014500000000000000000000000000000   150515                 0000000000                                                                  000002
9201237          000000130000000036450000000405          00005000000202000000000000000000000000000000000000100000002000000000000000000000000000000000000000000000000000000000000000000000000                                                                                                                                                                              00000000000000000000000         000003
