02RETORNO01COBRANCA       02170000056911      MARCIO FERREIRA ALMEIDA       004B.DO NORDESTE  19111401600BPI00003      000000                                                                                                                                                                                                                                                                             000001
1021728474500012202170000056911                               000001160000000000                           I06191114          00000116            19111400000000175000040217 010000000000260000000000000000000000000000000000000000000000000000000000000000000000000017500000000000000000000000000000000011100000000000000000000000000000000000000000000000000000000                                      000002
9201004          000000000000000002800000000003                                                                                                                                                                                                                                                                                                                                                           000003
