01REMESSA01COBRANCA       0002 000632910      MONICA SOARES DOS SANTOS      097CENTRALCREDI   0106170000011                                                                                                                                                                                                                                                                                            001000001
10101900928230   0002000632910                          0971000200987100015301160517      013305105           TESTE01   2907170000005500000160917     160517 0100634186221   ELIZEU RAFAEL PRADO                                              RUA ITAJAI                         144   JARDIM PRESIDENCIAL      JI-PARANA                RO76901015                                                       000002
20176286770291   LEANDRO RAFAEL PRADO                    RUA 2 DE ABRIL                     354                            CENTRO                   JI-PARANA                RO76900034 PAGAR ATE O VENCIMENTO                                                                              000000020000000F105000000500000000F1051206170000010000000F2606170000050000000F10071700000020000000            000003
9                                                                                                                                                                                                                                                                                                                                                                                                         000004
