09700000         101900928230   0000000000000000987100002 0000000632910 MONICA SOARES DOS SANTOS      097CENTRALCREDI                         129052017114130000005101                                                                          
09700011R01  060 101900928230    0000000000000000987100002 0000000632910 MONICA SOARES DOS SANTOS                                                                                      0000000129052017                                         
0970001300001P 0100002 0000000632910 0971000200987100013811 2 BOLETO TEST/COB2907201700000000550000000002 03A29052017107082017000000000500000112062017000000001000000                              09710002009871000138     105    09           
0970001300002Q 01199806940253    WAGNER DOS SANTOS SILVA                 RUA JULIO GUERRA 356                    CENTRO         76900034JI-PARANA      RO                                                        09709710002009871000138        
0970001300003R 01122062017000000000500000110072017000000000200000107082017000000001000000          INSTRUCAO1                              INSTRUCAO2                                                                                           
0970001300004S 011  INSTRUCAO 3                                                                                                                                                                                                                 
0970001300005Y 0101110984377646    EDUARDO MANOEL DE PAULA JUNIOR          RUA ALEXANDRE MATHIAS ALVES 294         NOVA CINTRA    30516340BELO HORIZONTE MG                                                                                     
0970001300006Y 0103cobranca@credisis.com.ber                         69999999999                                                                                                                                                                
09700015         00000600000100000000005500000                                                                                                                                                                                                  
09799999         000001000008                                                                                                                                                                                                                   
