02RETORNO01COBRANCA       0002 000632910      MONICA SOARES DOS SANTOS      097CENTRALCREDI   2605170000008                                                                                                                                                                                                                                                                                            001000001
101000019009282300002000632910                          0971000200987100014901260517TESTE                                                         26061700000000100000000000000                                                                 000000000000000000000000000000000000000                                                          0100001900928230monica                                   000002
9                                                                                                                                                                                                                                                                                                                                                                                                         000003