75600000         274576177000177                    0432730000000036668 SOCIEDADE BRASILEIRA DE ZOOLOGSICOOB                                  114072015161515000000081000000000000000000000000000000000000000000000                             
75600011R01  040 2074576177000177                    0432730000000036668 SOCIEDADE BRASILEIRA DE ZOOLOG                                                                                000000001407201500000000                                 
7560001300001P 010432730000000036668 000042971501014     10 220000000000000001407201500000000000500000000002N14072015000000000000000000000000000000000000000000000000000000000000000000000000000000                         0000000090000000000 
7560001300002Q 011000082136760505PABLO DIEGO JOSE FRANCISCO DE PAULA JUANRUA RIO GRANDE DO SUL SAO PAULO MINAS CASAO JOSE DOS QU12345678SANTA RITA DE CRJ0000000000000000                                        000                            
75600015         000004                                                                                                                                                                                                                         
75699999         000001000006                                                                                                                                                                                                                   
