01REMESSA01COBRANCA       00000000000000000123SOCIEDADE BRASILEIRA DE ZOOLOG237BRADESCO       140715        MX0000001                                                                                                                                                                                                                                                                                     000001
10000000000000000000000112345123456716969                     0002020000000000123P00000000002N           2  011         14071500000000199900000000001N140715000000000000000000000000000000000000000000000000000000000000000100012345678901PABLO DIEGO JOSE FRANCISCO DE PAULA JUANRUA RIO GRANDE DO SU SANTA RITA DE CSP              12345678                                                            000002
9                                                                                                                                                                                                                                                                                                                                                                                                         000003
