10400000         1000123456789010000000000000000000012345112345600000000SOCIEDADE BRASILEIRA DE ZOOLOGCAIXA ECONOMICA FEDERAL                 1140720151615150000000500000000000000000000000000000000000000000000001234                         
10400011R01  030 1000012345678901123456              12345112345600000000SOCIEDADE BRASILEIRA DE ZOOLOG                                                                                000000001407201500000000                                 
1040001300001P 01123451123456000000000001400000000000012311 200000000000000001407201500000000001999000000099N14072015000000000000000000000000000000000000000000000000000000000000000000000000000000                         0000000090000000000 
1040001300002Q 011000012345678901PABLO DIEGO JOSE FRANCISCO DE PAULA JUANRUA RIO GRANDE DO SUL SAO PAULO MINAS CASAO JOSE DOS QU12345678SANTA RITA DE CSP0000000000000000                                        000                            
10400015         000004000000000000000000000000000000000000000000000000000000000000000000000                                                                                                                                                    
10499999         000001000006                                                                                                                                                                                                                   
