01REMESSA01COBRANCA       12340012345671      SOCIEDADE BRASILEIRA DE ZOOLOG004B.DO NORDESTE  140715                                                                                                                                                                                                                                                                                                      000001
1                1234001234567100    6969                     0000123600000000000000000000000000000        401000000000014071500000000199900040000 01N140715000000000000000000000000000000000000000000000000000000000000000100012345678901PABLO DIEGO JOSE FRANCISCO DE PAULA JUANRUA RIO GRANDE DO SUL SAO PAULO MINAS CASAO JOSE DOS12345678SANTA RITA DE CSP                                        990000002
9                                                                                                                                                                                                                                                                                                                                                                                                         000003
