01REMESSA01COBRANCA       00000000000000000123SOCIEDADE BRASILEIRA DE ZOOLOG237BRADESCO       140715        MX0000001                                                                                                                                                                                                                                                                                     000001
1000000000000000000000011234512345671                         0000000000000000123P00000000002N           2  01          14071500000000199900000000099N140715000000000000000000000000000000000000000000000000000000000000000100012345678901PABLO DIEGO JOSE FRANCISCO DE PAULA JUANRUA RIO GRANDE DO SU SANTA RITA DE C/SP             12345678                                                            000002
9                                                                                                                                                                                                                                                                                                                                                                                                         000003