01REMESSA01COBRANCA       17777751042700080112SOCIEDADE BRASILEIRA DE ZOOLOG745CITIBANK       140715                                                                                                                                                                                                                                                                                              01600BPI000001
10100012345678910177777510427000801126969                     01000000000123      0000000000000000000000000101000000000014071500000000199907450000007N140715000000000000000000000000000000000000000000000000000000000000000100012345678901PABLO DIEGO JOSE FRANCISCO DE PAULA JUANRUA RIO GRANDE DO SUL SAO PAULO MINAS CASAO JOSE DOS12345678SANTA RITA DE CSP                                          9000002
9                                                                                                                                                                                                                                                                                                                                                                                                         000003
