10400000         1000123456789010000000000000000000012345112345600000000SOCIEDADE BRASILEIRA DE ZOOLOGCAIXA ECONOMICA FEDERAL                 11407201516151500000105000000                    REMESSA-PRODUCAO    1234                         
10400011R0100030 10000123456789011234560000000000000012345112345600000000SOCIEDADE BRASILEIRA DE ZOOLOG                                                                                000000011407201500000000                                 
1040001300001P 0112345112345600000000000140000000000001231122000000006969    1407201500000000001999000000099N1407201511507201500000000000000000000000000000000000000000000000000000000000000000000000000006969              3001120090000000000 
1040001300002Q 011000012345678901PABLO DIEGO JOSE FRANCISCO DE PAULA JUANRUA RIO GRANDE DO SUL SAO PAULO MINAS CASAO JOSE DOS QU12345678SANTA RITA DE CSP0000000000000000                                        000                            
1040001300003R 01000000000000000000000000000000000000000000000000215072015000000000000000                                                                                                                                                       
10400015         000005000000000000000000000000000000000000000000000000000000000000000000000                                                                                                                                                    
10499999         000001000007                                                                                                                                                                                                                   
