01REMESSA                 1102900015046       SOCIEDADE BRASILEIRA DE ZOOLOG041BANRISUL       140715                                                                                                                                                                                                                                                                                                      000001
1                1102900015046       1                        2283256351                                   1011         1407150000000019990041     08N1407151800             0000000000000000000000000000000000000000000000100012345678901PABLO DIEGO JOSE FRANCISCO DE PAULA     RUA RIO GRANDE DO SUL SAO PAULO MINAS CA       0200012345678SANTA RITA DE CSP0000 000000000000000                       000002
9                          0000000019990                                                                                                                                                                                                                                                                                                                                                                  000003
