75600000         274576177000177                    0432730000000036668 SOCIEDADE BRASILEIRA DE ZOOLOGSICOOB                                  11407201516151500000008100000                                                                     
75600011R01  040 2074576177000177                    0432730000000036668 SOCIEDADE BRASILEIRA DE ZOOLOG                                                                                000000001407201500000000                                 
7560001300001P 010432730000000036668 000042971501014     10 220000000000069691407201500000000000500000000 02N14072015000000000000000000000000000000000000000000000000000000000000000000000000000000                     69691000   090000000000 
7560001300002Q 011000082136760505PABLO DIEGO JOSE FRANCISCO DE PAULA JUANRUA RIO GRANDE DO SUL SAO PAULO MINAS CASAO JOSE DOS QU12345678SANTA RITA DE CRJ0000000000000000                                        000                            
7560001300003R 01000000000000000000000000000000000000000000000000000000000000000000000000                                                                                                              0000000000000000 000000000000  0         
75600015         00000500000100000000000005000000000000000000000000000000000000000000000000000000000000000000000000                                                                                                                             
75699999         000001000007000000                                                                                                                                                                                                             
