74800000         274576177000177                    00165 0000000006238 SOCIEDADE BRASILEIRA DE ZOOLOGSICREDI                                 11407200716151500000008101600                                                                     
74800011R01  040 2074576177000177                    00165 0000000006238 SOCIEDADE BRASILEIRA DE ZOOLOG                                                                                000000001407200700000000                                 
7480001300001P 0100165 0000000006238 072000031           111220000000000069691407200700000000000500000000 03N14072007115072007000000000000000100000000000000000000000000000000000000000000000000000                     69693001060090000000000 
7480001300002Q 011000082136760505PABLO DIEGO JOSE FRANCISCO DE PAULA JUANRUA RIO GRANDE DO SUL SAO PAULO MINAS CASAO JOSE DOS QU12345678SANTA RITA DE CRJ0000000000000000                                        000                            
7480001300003R 01000000000000000000000000000000000000000000000000000000000000000000000000                                                                                                              0000000000000000 000000000000  0         
74800015         00000500000000000000000000000000000000000000000000000000000000000000000000000000000000000000000000                                                                                                                             
74899999         000001000007000000                                                                                                                                                                                                             
