01REMESSA01COBRANCA       0001 000000027      SOCIEDADE BRASILEIRA DE ZOOLOG097CENTRALCRED    1407150000003                                                                                                                                                                                                                                                                                               000001
102123456789012340001 000000027      6969                     00027000123                                     00000000001407150000000019990           140715    080000020000                                 00000000000000100012345678901PABLO DIEGO JOSE FRANCISCO DE PAULA JUANRUA RIO GRANDE DO SUL SAO PAULO MINASSAO JOSE DOS QU12345678SANTA RITA DE CSP                                        06 000002
9                                                                                                                                                                                                                                                                                                                                                                                                         000003
