01REMESSA01COBRANCA       17777751042700080112SOCIEDADE BRASILEIRA DE ZOOLOG033SANTANDER      140715                                                                                                                                                                                                                                                                                                    58000001
1010001234567891017777751042700080112                         00000123000000 00000000000000000000    000000101000000000014071500000000199900330000001N140715000000000000000000000000000000000000000000000000000000000000000100012345678901PABLO DIEGO JOSE FRANCISCO DE PAULA JUANRUA RIO GRANDE DO SUL SAO PAULO MINAS CASAO JOSE DOS12345678SANTA RITA DE CSP                                        00 000002
9                                                                                                                                                                                                                                                                                                                                                                                                         000003