01REMESSA01COBRANCA       17777751042700080112SOCIEDADE BRASILEIRA DE ZOOLOG033SANTANDER      1407150000000000000000                                                                                                                                                                                                                                                                                   000000001
1010001234567891017777751042700080112                         00000123       00000000000000000000    000000501000000000014071500000000199900330888801N140715000000000000000000000000000000000000000000000000000000000000000100012345678901PABLO DIEGO JOSE FRANCISCO DE PAULA JUANRUA RIO GRANDE DO SUL SAO PAULO MINAS CASAO JOSE DOS12345678SANTA RITA DE CSP                               I77      00 000002
9000003000000001999000000000000000000000000000000000000000000000000000000000000000000000000000000000000000000000000000000000000000000000000000000000000000000000000000000000000000000000000000000000000000000000000000000000000000000000000000000000000000000000000000000000000000000000000000000000000000000000000000000000000000000000000000000000000000000000000000000000000000000000000000000000000000000003