01REMESSA01COBRANCA       17777751042700080112SOCIEDADE BRASILEIRA DE ZOOLOG033SANTANDER      1407150000000000000000                                                                                                                                                                                                                                                                                   058000001
10100012345678910177777510427000801126969                     00000123000000 40200000000000000000    000000101000000000014071500000000199900330000001N140715060000000000008000000000000000000000000000000000000000000000000100012345678901PABLO DIEGO JOSE FRANCISCO DE PAULA JUANRUA RIO GRANDE DO SUL SAO PAULO MINAS CASAO JOSE DOS12345678SANTA RITA DE CSP                               I78      06 000002
9000003000000001999000000000000000000000000000000000000000000000000000000000000000000000000000000000000000000000000000000000000000000000000000000000000000000000000000000000000000000000000000000000000000000000000000000000000000000000000000000000000000000000000000000000000000000000000000000000000000000000000000000000000000000000000000000000000000000000000000000000000000000000000000000000000000000003
