01REMESSA01COBRANCA       43273123456789      SOCIEDADE BRASILEIRA DE ZOOLOG756BANCOOBCED     1407150000001                                                                                                                                                                                                                                                                                               000001
1010001234567891043273123456781000000                         0000000001230100       0000000000000000    201010000000000140715000000001999075643273010140715000000000000000020000000000000000000000000000000000000000000000100012345678901PABLO DIEGO JOSE FRANCISCO DE PAULA JUANRUA RIO GRANDE DO SUL SAO PAULO MINASSAO JOSE DOS QU12345678SANTA RITA DE CSP                                        00 000002
9000000000000000000000000000000000000000000000000000000000000000000000000000000000000000000000000000000000000000000000000000000000000000000000000000000000000000000000000000000000000000000000000000000000000000000000000000000000000000000000000000000000000000000000000000000000000000000000000000000000000000000000000000000000000000000000000000000000000000000000000000000000000000000000000000000000000003
