01REMESSA01COBRANCA       12343000012343000000SOCIEDADE BRASILEIRA DE ZOOLOG001BANCODOBRASIL  1407150000001                      7654321                                                                                                                                                                                                                                                                  000001
70100012345678910123430000123431234567                         123456700000001230000       123000000004DSC1201000000012314071500000000199900010000 01N140715000000000000000000000000000000000000000000000000000000000000000100012345678901PABLO DIEGO JOSE FRANCISCO DE PAULA J   RUA RIO GRANDE DO SUL SAO PAULO MINAS CASAO JOSE DOS12345678SANTA RITA DE CSP                                        00 000002
9                                                                                                                                                                                                                                                                                                                                                                                                         000003
