01REMESSA01COBRANCA       12345678901234567890SOCIEDADE BRASILEIRA DE ZOOLOG748UNICRED        140715                                                                                                                                                                                                                                                                                                      000001
10100012345678910123456789012345678906969                                072000031                         301000000000014071500000000199907480000001N140715000000000000000000000000000000000000000000000000000000000000000100012345678901PABLO DIEGO JOSE FRANCISCO DE PAULA JUANRUA RIO GRANDE DO SUL SAO PAULO MINAS CASAO JOSE DOS12345678SANTA RITA DE CSP                                        009000002
9                                                                                                                                                                                                                                                                                                                                                                                                         000003
