01REMESSA01COBRANCA       123400123451        SOCIEDADE BRASILEIRA DE ZOOLOG341BANCO ITAU SA  140715                                                                                                                                                                                                                                                                                                      000001
10100012345678910123400123451    00006969                     000001230000000000000123                     I01000000000014071500000000199903410000099N140715000000000000000000000000000000000000000000000000000000000000000100012345678901PABLO DIEGO JOSE FRANCISCO DE           RUA RIO GRANDE DO SUL SAO PAULO MINAS CASAO JOSE DOS12345678SANTA RITA DE CSP                                  00000003 000002
21140720150000000000200                                                                                                                                                                                                                                                                                                                                                                                   000003
9                                                                                                                                                                                                                                                                                                                                                                                                         000004
