00100000         100012345678901001234567001412123  0123430000000123455 SOCIEDADE BRASILEIRA DE ZOOLOGBANCO DO BRASIL SA                      114072015161515000000083000000000000000000000000000000000000000000000                             
00100011R01  042 1000012345678901001234567001412123  0123430000000123455 SOCIEDADE BRASILEIRA DE ZOOLOG                                                                                000000001407201500000000                                 
0010001300001P 010123430000000123455 12345670000000123   71 000000000000069691407201500000000001999000000 02N14072015300000000000000000000000000000000000000000000000000000000000000000000000000000                     69693000000090000000000 
0010001300002Q 011000012345678901PABLO DIEGO JOSE FRANCISCO DE PAULA JUANRUA RIO GRANDE DO SUL SAO PAULO MINAS CASAO JOSE DOS QU12345678SANTA RITA DE CSP0000000000000000                                        000                            
0010001300003R 01000000000000000000000000000000000000000000000000000000000000000000000000                                                                                                              0000000000000000 000000000000  0         
00100015         0000050000000000000000000000000000000000000000000000000000000000000000000000000000000000000000000000000000000000000000000000000000000000000000000000000000000000000000000000000000000000000000000000000000000000000000000000000
00199999         000001000007                                                                                                                                                                                                                   
