03300000        2028254225000193000100001234567                         SOCIEDADE BRASILEIRA DE ZOOLOGBANCO SANTANDER                         114072015      000001040                                                                          
03300011R01  030 2028254225000193                    000100001234567     SOCIEDADE BRASILEIRA DE ZOOLOG                                                                                000000011407201500000000                                 
0330001300001P 010001301300123410130012341  0000012345679112  9999           1407201500000000001999000000 02N140720153000000000000000000000000000000000000000000000000000000000000000000000000000009999                     300300000           
0330001300002Q 011000012345678901PABLO DIEGO JOSE FRANCISCO DE PAULA JUANRUA RIO GRANDE DO SUL SAO PAULO MINAS CASAO JOSE DOS QU12345678SANTA RITA DE CSP0000000000000000                                        000000000000                   
0330001300003R 01000000000000000000000000000000000000000000000000000000000000000000000000                                                                                                                                                       
03300015         000005                                                                                                                                                                                                                         
03399999         000001000007                                                                                                                                                                                                                   
