01REMESSA01COBRANCA       00000000001234567890SOCIEDADE BRASILEIRA DE ZOOLOG136UNICRED        140715                                                                                                                                                                                                                                                                                                      000001
1012343000000012345100210000000000000                         13600                         0300000000005N  010000001/01140715000000001999000000000000140715020500000000002000000000000000000000000720000310000000000000000200012345678901AKRETION LTDA                           AVENIDA PAULISTA 1                      CENTRO      12345678SAO PAULO           SP                                      000002
9                                                                                                                                                                                                                                                                                                                                                                                                         000003
