08500000         272668597000203101004              0010150000002806785 HAC COMERCIO DE MATERIAIS     VIACREDI                                12310201911240700000808700000                                                                     
08500011R01  045 2072668597000203101004              0010150000002806785 HAC COMERCIO DE MATERIAIS                                                                                     000000082010201900000000                                 
0850001300001P 010010150000002806785 02806785000025967   111224847/PE-1/2    3110201900000000001700000000 02N301020193301020190000000000000000000000000000000000000000000000000000000000000000000004847/PE-1/2              3002   090000000000 
0850001300002Q 011000005626523540PATRICIA                                RUA GUSTAVO KOPP Nr 129                 BOA VISTA      89167186RIO DO SUL     SC0000000000000000                                        000                            
0850001300003R 01000000000000000000000000000000000000000000000000130102019000000000000324                                                                                                              0000000000000000 000000000000  0         
0850001300004Y 0103                                                  479917501921111                                                                                                                                                            
0850001300007Y 0153020120000000000090002000000000009000                                                                                                                                                                                         
08599999         000001000040000000                                                                                                                                                                                                             
